@misc{gplv3,
    author       = {Free Software Foundation},
    title        = {{GNU} {G}eneral {P}ublic {L}icense},
    version      = {3},
	  howpublished = {\url{http://www.gnu.org/licenses/gpl.html}},
    shorthand    = {GPL},
}

@misc{objetivos,
	author       = {Merelo, J. J.},
  title        = {Cómo formular buenos objetivos en un trabajo},
	year         = {2019},
	url          = {https://jjmerelo.medium.com/c%C3%B3mo-formular-buenos-objetivos-en-un-trabajo-7e68abf10028},
}

@misc{manifesto-agil,
  title        = {Manifiesto por el desarrollo ágil de software},
	year         = {2001},
	url          = {https://agilemanifesto.org/},
}

@article{agile-science,
  author        = {Merelo, J. J.},
  title         = {Agile (data) science: a (draft) manifesto},
  journal       = {arXiv},
  year          = {2022},
  url           = {https://arxiv.org/pdf/2104.12545.pdf},
}

@article{dolores,
  author        = {Constantinou, A. C.},
  title         = {Dolores: a model that predicts football match outcomes from all over the world},
  journal       = {SpringerLink},
  year          = {2018},
  pages         = {49–75}, 
  url           = {https://doi.org/10.1007/s10994-018-5703-7},
}

@article{prediction-barcelona,
  author        = {Owramipour, F. and Eskandarian, P. and Mozneb, F. S.},
  title         = {Football result prediction with bayesian network in spanish league-{B}arcelona team},
  journal       = {International Journal of Computer Theory and Engineering},
  year          = {2013}, 
  url           = {https://www.researchgate.net/publication/271302414_Football_Result_Prediction_with_Bayesian_Network_in_Spanish_League-Barcelona_Team},
}

@misc{netica,
	author       = {Norsys Software Corp},
  title        = {NETICA software},
	url          = {https://www.norsys.com/netica.html},
}


@article{entropy-analysis,
  author        = {Neuman, Y. and Israeli, N. and Vilenchik, D. and Cohen, Y.},
  title         = {The adaptive behavior of a soccer team: an entropy-based analysis},
  journal       = {Entropy},
  year          = {2018}, 
  url           = {https://doi.org/10.3390/e20100758},
}

@article{razali-2017,
	doi = {10.1088/1757-899x/226/1/012099},
	url = {https://doi.org/10.1088/1757-899x/226/1/012099},
	year = {2017},
	publisher = {{IOP} Publishing},
	volume = {226},
	pages = {012099},
	author = {Nazim Razali and Aida Mustapha and Faiz Ahmad Yatim and Ruhaya Ab Aziz},
	title = {Predicting Football Matches Results using Bayesian Networks for English Premier League ({EPL})},
	journal = {{IOP} Conference Series: Materials Science and Engineering},
}

@article{smart-data,
title = {Towards smart-data: Improving predictive accuracy in long-term football team performance},
journal = {Knowledge-Based Systems},
volume = {124},
pages = {93-104},
year = {2017},
issn = {0950-7051},
doi = {https://doi.org/10.1016/j.knosys.2017.03.005},
url = {https://www.sciencedirect.com/science/article/pii/S0950705117301223},
author = {Anthony Constantinou and Norman Fenton},
}

@article{spatial-and-temporal-entropies,
  author        = {Martínez, Johann H. and Garrido, David and Herrera-Diestra, José L and Busquets, Javier and Sevilla-Escoboza, Ricardo and Buldú, Javier M.},
  title         = {Spatial and Temporal Entropies in the Spanish Football League: A Network Science Perspective},
  journal       = {Entropy},
  volume        = {22},
  year          = {2020},
  number        = {2},
  article-number= {172},
  url           = {https://www.mdpi.com/1099-4300/22/2/172},
  issn          = {1099-4300},
  DOI           = {10.3390/e22020172}
}

@online{a-constantinou,
  author = {Anthony C. Constantinou},
  url = {https://scholar.google.co.uk/citations?user=lAbimKMAAAAJ&hl=en},
}

@misc{,
	author       = {},
  title        = {},
	year         = {},
	url          = {},
}
@article{,
  author        = {},
  title         = {},
  journal       = {},
  year          = {}, 
  url           = {},
}